<?xml version="1.0" encoding="UTF-8"?><collection xmlns="http://www.loc.gov/MARC21/slim"><record><leader>00396nam--2200157-i-4500</leader><controlfield tag="001">000006192</controlfield><controlfield tag="002">20161230</controlfield><controlfield tag="005">20170220002811</controlfield><controlfield tag="008">060222s1000------------r-----000-0-eng-d</controlfield><datafield ind1=" " ind2=" " tag="100"><subfield code="a">Deutsch, S</subfield></datafield><datafield ind1=" " ind2=" " tag="245"><subfield code="a">Pleochroic haloes</subfield></datafield><datafield ind1=" " ind2=" " tag="260"><subfield code="a">Pisa</subfield><subfield code="b">C.N.E.N</subfield><subfield code="c">/1960</subfield></datafield><datafield ind1=" " ind2=" " tag="300"><subfield code="a">47 p</subfield></datafield><datafield ind1=" " ind2=" " tag="490"><subfield code="a">Summer Course On Nuclear Geology, Varenna</subfield></datafield><datafield ind1=" " ind2=" " tag="700"><subfield code="a">Picciotto, E. E</subfield></datafield><datafield ind1=" " ind2=" " tag="CAT"><subfield code="a">SYS</subfield><subfield code="c">20170220</subfield><subfield code="h">002811</subfield></datafield></record></collection>